<?xml version="1.0" encoding="UTF-8"?><collection xmlns="http://www.loc.gov/MARC21/slim"><record><leader>00333nam--2200133-i-4500</leader><controlfield tag="001">000049201</controlfield><controlfield tag="002">20161230</controlfield><controlfield tag="005">20161230201047</controlfield><controlfield tag="008">060222s1000------------r-----000-0-eng-d</controlfield><datafield ind1=" " ind2=" " tag="080"><subfield code="a">519.67</subfield></datafield><datafield ind1=" " ind2=" " tag="100"><subfield code="a">Alberg,Dj.,Nilson,E. I Uolsh,Dj</subfield></datafield><datafield ind1=" " ind2=" " tag="245"><subfield code="a">Teoriia splainov i ee prolojeniia</subfield></datafield><datafield ind1=" " ind2=" " tag="260"><subfield code="a">Moskva, Mir, 1972. 320 S</subfield></datafield><datafield ind1=" " ind2=" " tag="852"><subfield code="a">75978</subfield></datafield></record></collection>